@inproceedings{humphreys2008assessing,
  title={Assessing the spoofing threat: Development of a portable GPS civilian spoofer},
  author={Humphreys, Todd E and Ledvina, Brent M and Psiaki, Mark L and Oâ€™Hanlon, Brady W and Kintner Jr, Paul M},
  booktitle={Proceedings of the ION GNSS international technical meeting of the satellite division},
  volume={55},
  pages={56},
  year={2008}
}

@misc{langner_2013, title={How to kill a centrifuge}, url={https://www.langner.com/wp-content/uploads/2017/03/to-kill-a-centrifuge.pdf}, author={Langner, Ralph}, year={2013}, month={Nov}}


@book{puterman2014markov,
  title={Markov decision processes: discrete stochastic dynamic programming},
  author={Puterman, Martin L},
  year={2014},
  publisher={John Wiley \& Sons}
}
@article{peterson_faramarzi_2011, title={Exclusive: Iran hijacked US drone, says Iranian engineer.}, journal={The Christian Science Monitor}, author={Peterson, Scott and Faramarzi, Payam}, year={2011}, month={Dec}}

@article{protecting_gps_2016, title={Protecting GPS From Spoofers Is Critical to the Future of Navigation.}, journal={IEEE Spectrum: Technology, Engineering, and Science News}, author={IEEE Spectrum}, year={2016}, month={Jul}}
@article{andrieu2003introduction,
  title={An introduction to MCMC for machine learning},
  author={Andrieu, Christophe and De Freitas, Nando and Doucet, Arnaud and Jordan, Michael I},
  journal={Machine learning},
  volume={50},
  number={1-2},
  pages={5--43},
  year={2003},
  publisher={Springer}
}

@inproceedings{bezzo2016stochastic,
  title={A stochastic approach for attack resilient UAV motion planning},
  author={Bezzo, Nicola and Weimer, James and Du, Yanwei and Sokolsky, Oleg and Son, Sang H and Lee, Insup},
  booktitle={American Control Conference (ACC), 2016},
  pages={1366--1372},
  year={2016},
  organization={IEEE}
}

@inproceedings{kim2017attack,
  title={Attack-resilient estimation of switched nonlinear cyber-physical systems},
  author={Kim, Hunmin and Guo, Pinyao and Zhu, Minghui and Liu, Peng},
  booktitle={American Control Conference (ACC), 2017},
  pages={4328--4333},
  year={2017},
  organization={IEEE}
}

@article{ashok2017cyber,
  title={Cyber-Physical Attack-Resilient Wide-Area Monitoring, Protection, and Control for the Power Grid},
  author={Ashok, Aditya and Govindarasu, Manimaran and Wang, Jianhui},
  journal={Proceedings of the IEEE},
  year={2017},
  publisher={IEEE}
}

@inproceedings{yoon2017virtualdrone,
  title={VirtualDrone: virtual sensing, actuation, and communication for attack-resilient unmanned aerial systems},
  author={Yoon, Man-Ki and Liu, Bo and Hovakimyan, Naira and Sha, Lui},
  booktitle={Proceedings of the 8th International Conference on Cyber-Physical Systems},
  pages={143--154},
  year={2017},
  organization={ACM}
}

@article{rana2017attack,
  title={Attack Resilient Wireless Sensor Networks for Smart Electric Vehicles},
  author={Rana, Md Masud},
  journal={IEEE Sensors Letters},
  volume={1},
  number={2},
  pages={1--4},
  year={2017},
  publisher={IEEE}
}

@inproceedings{kim2016detection,
  title={Detection of sensor attack and resilient state estimation for uniformly observable nonlinear systems},
  author={Kim, Junsoo and Lee, Chanhwa and Shim, Hyungbo and Eun, Yongsoon and Seo, Jin H},
  booktitle={ 2016 IEEE 55th Conference on Decision and Control (CDC),},
  pages={1297--1302},
  year={2016},
  organization={IEEE}
}

@article{paridari2017framework,
  title={A Framework for Attack-Resilient Industrial Control Systems: Attack Detection and Controller Reconfiguration},
  author={Paridari, Kaveh and O'Mahony, Niamh and Mady, Alie El-Din and Chabukswar, Rohan and Boubekeur, Menouer and Sandberg, Henrik},
  journal={Proceedings of the IEEE},
  year={2017},
  publisher={IEEE}
}

@article{bezzo2014cooperative,
  title={A cooperative heterogeneous mobile wireless mechatronic system},
  author={Bezzo, Nicola and Griffin, Ben and Cruz, Pedro and Donahue, Jeff and Fierro, Rafael and Wood, Jo},
  journal={IEEE/ASME Transactions on Mechatronics},
  volume={19},
  number={1},
  pages={20--31},
  year={2014},
  publisher={IEEE}
}

@inproceedings{bezzo2016online,
  title={Online Planning for Energy-efficient and Disturbance-aware UAV Operations},
  author={Bezzo, Nicola and Mohta, Kartk and Nowzari, Cameron and Lee, Insup and Kumar, Vijay and Pappas, George J.},
  booktitle={IEEE/RSJ International Conference on Intelligent Robots and Systems (IROS 2016)},
  pages={5027--5033},
  year={2016},
  organization={IEEE}
}

@article{michael2010grasp,
  title={The GRASP multiple micro-UAV testbed},
  author={Michael, Nathan and Mellinger, Daniel and Lindsey, Quentin and Kumar, Vijay},
  journal={IEEE Robotics \& Automation Magazine,},
  volume={17},
  number={3},
  pages={56--65},
  year={2010},
  publisher={IEEE}
}

@inproceedings{shoukry2015secure,
  title={Secure state reconstruction in differentially flat systems under sensor attacks using satisfiability modulo theory solving},
  author={Shoukry, Yasser and Nuzzo, Pierluigi and Bezzo, Nicola and Sangiovanni-Vincentelli, Alberto L and Seshia, Sanjit A and Tabuada, Paulo},
  booktitle={2015 IEEE 54th Annual Conference on Decision and Control (CDC)},
  pages={3804--3809},
  year={2015},
  organization={IEEE}
}

@inproceedings{bezzo2014attack,
  title={Attack resilient state estimation for autonomous robotic systems},
  author={Bezzo, Nicola and Weimer, James and Pajic, Miroslav and Sokolsky, Oleg and Pappas, George J and Lee, Insup},
  booktitle={IEEE/RSJ International Conference on Intelligent Robots and Systems (IROS 2014)},
  pages={3692--3698},
  year={2014},
  organization={IEEE}
}

@misc{miller, title={HACKERS REMOTELY KILL A JEEP ON THE HIGHWAY?WITH ME IN IT}, url={https://www.wired.com/2015/07/hackers-remotely-kill-jeep-highway/}, author={Greenberg, Andy}, year={2015}, month={Jul}}

@inproceedings{pajic2014robustness,
  title={Robustness of attack-resilient state estimators},
  author={Pajic, Miroslav and Weimer, James and Bezzo, Nicola and Tabuada, Paulo and Sokolsky, Oleg and Lee, Insup and Pappas, George J},
  booktitle={ICCPS'14: ACM/IEEE 5th International Conference on Cyber-Physical Systems (with CPS Week 2014)},
  pages={163--174},
  year={2014},
  organization={IEEE Computer Society}
}
@inproceedings{ng2000algorithms,
  title={Algorithms for inverse reinforcement learning.},
  author={Ng, Andrew Y and Russell, Stuart J and others},
  booktitle={Icml},
  pages={663--670},
  year={2000}
}
@inproceedings{abbeel2004apprenticeship,
  title={Apprenticeship learning via inverse reinforcement learning},
  author={Abbeel, Pieter and Ng, Andrew Y},
  booktitle={Proceedings of the twenty-first international conference on Machine learning},
  pages={1},
  year={2004},
  organization={ACM}
}
@article{michini2015bayesian,
  title={Bayesian nonparametric reward learning from demonstration},
  author={Michini, Bernard and Walsh, Thomas J and Agha-Mohammadi, Ali-Akbar and How, Jonathan P},
  journal={IEEE Transactions on Robotics},
  volume={31},
  number={2},
  pages={369--386},
  year={2015},
  publisher={IEEE}
}
@inproceedings{michini2012improving,
  title={Improving the efficiency of Bayesian inverse reinforcement learning},
  author={Michini, Bernard and How, Jonathan P},
  booktitle={Robotics and Automation (ICRA), 2012 IEEE International Conference on},
  pages={3651--3656},
  year={2012},
  organization={IEEE}
}
@article{fawzi2014secure,
  title={Secure estimation and control for cyber-physical systems under adversarial attacks},
  author={Fawzi, Hamza and Tabuada, Paulo and Diggavi, Suhas},
  journal={IEEE Transactions on Automatic Control},
  volume={59},
  number={6},
  pages={1454--1467},
  year={2014},
  publisher={IEEE}
}
@inproceedings{ivanov2014attack,
  title={Attack-resilient sensor fusion},
  author={Ivanov, Radoslav and Pajic, Miroslav and Lee, Insup},
  booktitle={Proceedings of the conference on Design, Automation \& Test in Europe},
  pages={54},
  year={2014},
  organization={European Design and Automation Association}
}
@article{ramachandran2007bayesian,
  title={Bayesian inverse reinforcement learning},
  author={Ramachandran, Deepak and Amir, Eyal},
  journal={Urbana},
  volume={51},
  number={61801},
  pages={1--4},
  year={2007}
}
@inproceedings{michini2013scalable,
  title={Scalable reward learning from demonstration},
  author={Michini, Bernard and Cutler, Mark and How, Jonathan P},
  booktitle={Robotics and Automation (ICRA), 2013 IEEE International Conference on},
  pages={303--308},
  year={2013},
  organization={IEEE}
}
@inproceedings{best2015bayesian,
  title={Bayesian intention inference for trajectory prediction with an unknown goal destination},
  author={Best, Graeme and Fitch, Robert},
  booktitle={Intelligent Robots and Systems (IROS), 2015 IEEE/RSJ International Conference on},
  pages={5817--5823},
  year={2015},
  organization={IEEE}
}