@article{Michini2011,
    title = {{A Human-Interactive Course of Action Planner for Aircraft Carrier Deck Operations}},
    year = {2011},
    journal = {AIAA Infotech@Aerospace 2011},
    author = {Michini, B and How, J P},
    pages = {1--11},
    isbn = {9781600869440}
}

@article{Zhifei2012,
    title = {{A review of inverse reinforcement learning theory and recent advances}},
    year = {2012},
    author = {Zhifei, Shao and Joo, Er Meng},
    pages = {1--8},
    url = {http://ieeexplore.ieee.org/ielx5/6241678/6252855/06256507.pdf?tp=&arnumber=6256507&isnumber=6252855%5Cnhttp://ieeexplore.ieee.org/xpls/abs_all.jsp?arnumber=6256507},
    isbn = {9781467315098},
    doi = {10.1109/CEC.2012.6256507}
}

@article{Lopes2009,
    title = {{Active learning for reward estimation in inverse reinforcement learning}},
    year = {2009},
    journal = {Lecture Notes in Computer Science (including subseries Lecture Notes in Artificial Intelligence and Lecture Notes in Bioinformatics)},
    author = {Lopes, Manuel and Melo, Francisco and Montesano, Luis},
    number = {PART 2},
    pages = {31--46},
    volume = {5782 LNAI},
    isbn = {3642041736},
    doi = {10.1007/978-3-642-04174-7{\_}3},
    issn = {03029743},
    pmid = {10205606}
}

@article{Baranes2013,
    title = {{Active learning of inverse models with intrinsically motivated goal exploration in robots}},
    year = {2013},
    journal = {Robotics and Autonomous Systems},
    author = {Baranes, Adrien and Oudeyer, Pierre Yves},
    number = {1},
    pages = {49--73},
    volume = {61},
    isbn = {0921889012000},
    doi = {10.1016/j.robot.2012.05.008},
    issn = {09218890},
    arxivId = {1301.4862},
    keywords = {Active learning, Autonomous motor learning, Competence based intrinsic motivation, Curiosity-driven task space exploration, Developmental robotics, Goal babbling, Inverse models, Motor development}
}

@article{Ng2000,
    title = {{Algorithms for inverse reinforcement learning}},
    year = {2000},
    journal = {Proceedings of the Seventeenth International Conference on Machine Learning},
    author = {Ng, Andrew and Russell, Stuart},
    pages = {663â€“670},
    volume = {0},
    url = {http://www-cs.stanford.edu/people/ang/papers/icml00-irl.pdf},
    isbn = {1-55860-707-2},
    doi = {10.2460/ajvr.67.2.323},
    issn = {00029645},
    pmid = {16454640},
    arxivId = {arXiv:1011.1669v3}
}

@inproceedings{Abbeel2004a,
    title = {{Apprenticeship learning via inverse reinforcement learning}},
    year = {2004},
    booktitle = {Twenty-first international conference on Machine learning  - ICML '04},
    author = {Abbeel, Pieter and Ng, Andrew Y.},
    pages = {1},
    url = {http://portal.acm.org/citation.cfm?doid=1015330.1015430},
    isbn = {1581138285},
    doi = {10.1145/1015330.1015430},
    arxivId = {1206.5264}
}

@article{Abbeel2004,
    title = {{Apprenticeship learning via inverse reinforcement learning}},
    year = {2004},
    journal = {Twenty-first international conference on Machine learning  - ICML '04},
    author = {Abbeel, Pieter and Ng, Andrew Y.},
    pages = {1},
    url = {http://portal.acm.org/citation.cfm?doid=1015330.1015430},
    isbn = {1581138285},
    doi = {10.1145/1015330.1015430},
    arxivId = {1206.5264}
}

@article{Humphreys2008,
    title = {{Assessing the Spoofing Threat: Development of a Portable GPS Civilian Spoofer}},
    year = {2008},
    journal = {Proceedings of the 21st International Technical Meeting of the Satellite Division of The Institute of Navigation},
    author = {Humphreys, Todd E. and Ledvina, Brent M and Tech, Virginia and Psiaki, Mark L and Hanlon, Brady W O and Kintner, Paul M},
    number = {September 2008},
    pages = {2314--2325},
    isbn = {9781605606897}
}

@article{Qin2004a,
    title = {{Attack plan recognition and prediction using causal networks}},
    year = {2004},
    journal = {Proceedings - Annual Computer Security Applications Conference, ACSAC},
    author = {Qin, Xinzhou and Lee, Wenke},
    pages = {370--379},
    isbn = {0769522521},
    doi = {10.1109/CSAC.2004.7},
    issn = {10639527},
    keywords = {Alert correlation, Attack scenario analysis, Intrusion detection, Security management}
}

@article{Qin2004,
    title = {{Attack plan recognition and prediction using causal networks}},
    year = {2004},
    journal = {Proceedings - Annual Computer Security Applications Conference, ACSAC},
    author = {Qin, Xinzhou and Lee, Wenke},
    pages = {370--379},
    isbn = {0769522521},
    doi = {10.1109/CSAC.2004.7},
    issn = {10639527},
    keywords = {Alert correlation, Attack scenario analysis, Intrusion detection, Security management}
}

@article{Ivanov2014,
    title = {{Attack-Resilient Sensor Fusion Attack-Resilient Sensor Fusion}},
    year = {2014},
    author = {Ivanov, Radoslav and Lee, Insup},
    number = {February},
    pages = {1--6}
}

@article{Best2015,
    title = {{Bayesian intention inference for trajectory prediction with an unknown goal destination}},
    year = {2015},
    journal = {IEEE International Conference on Intelligent Robots and Systems},
    author = {Best, Graeme and Fitch, Robert},
    pages = {5817--5823},
    volume = {2015-Decem},
    isbn = {9781479999941},
    doi = {10.1109/IROS.2015.7354203},
    issn = {21530866}
}

@article{Ramachandran2007,
    title = {{Bayesian inverse reinforcement learning}},
    year = {2007},
    journal = {IJCAI International Joint Conference on Artificial Intelligence},
    author = {Ramachandran, Deepak and Amir, Eyal},
    pages = {2586--2591},
    issn = {10450823},
    keywords = {Markov-decision processes, reinforcement learning}
}

@article{Dimitrakakis2012,
    title = {{Bayesian multitask inverse reinforcement learning}},
    year = {2012},
    journal = {Lecture Notes in Computer Science (including subseries Lecture Notes in Artificial Intelligence and Lecture Notes in Bioinformatics)},
    author = {Dimitrakakis, Christos and Rothkopf, Constantin A.},
    pages = {273--284},
    volume = {7188 LNAI},
    isbn = {9783642299452},
    doi = {10.1007/978-3-642-29946-9{\_}27},
    issn = {03029743},
    arxivId = {1106.3655},
    keywords = {Bayesian inference, intrinsic motivations, inverse reinforcement learning, multitask learning, preference elicitation}
}

@article{Michini,
    title = {{Bayesian Nonparametric Inverse Reinforcement Learning}},
    author = {Michini, Bernard and How, Jonathan P}
}

@article{Michini2015,
    title = {{Bayesian nonparametric reward learning from demonstration}},
    year = {2015},
    journal = {{\ldots} IEEE Transactions on},
    author = {Michini, B},
    url = {http://ieeexplore.ieee.org/xpls/abs_all.jsp?arnumber=7076638}
}

@article{Koo1987,
    title = {{Checkpointing and Rollback-Recovery for Distributed Systems}},
    year = {1987},
    journal = {IEEE Transactions on Software Engineering},
    author = {Koo, Richard and Toueg, Sam},
    number = {1},
    pages = {23--31},
    volume = {SE-13},
    isbn = {0-8186-4743-4},
    doi = {10.1109/TSE.1987.232562},
    issn = {00985589},
    pmid = {21818561},
    keywords = {Checkpoint, consistent state, distributed systems, fault-tolerance, rollback-recovery}
}

@article{Sabaliauskaite2017,
    title = {{Comparison of Corrupted Sensor Data Detection Methods in Detecting Stealthy Attacks on Cyber-Physical Systems}},
    year = {2017},
    journal = {2017 IEEE 22nd Pacific Rim International Symposium on Dependable Computing (PRDC)},
    author = {Sabaliauskaite, Giedre and Ng, Geok See and Ruths, Justin and Mathur, Aditya},
    pages = {235--244},
    url = {http://ieeexplore.ieee.org/document/7920627/},
    isbn = {978-1-5090-5652-1},
    doi = {10.1109/PRDC.2017.47}
}

@article{Hadfield-Menell2016,
    title = {{Cooperative Inverse Reinforcement Learning}},
    year = {2016},
    author = {Hadfield-Menell, Dylan and Dragan, Anca and Abbeel, Pieter and Russell, Stuart},
    number = {Nips},
    url = {http://arxiv.org/abs/1606.03137},
    arxivId = {1606.03137}
}

@article{Murguia2016,
    title = {{CUSUM and chi-squared attack detection of compromised sensors}},
    year = {2016},
    journal = {2016 IEEE Conference on Control Applications (CCA)},
    author = {Murguia, Carlos and Ruths, Justin},
    pages = {474--480},
    url = {http://ieeexplore.ieee.org/document/7587875/},
    isbn = {978-1-5090-0755-4},
    doi = {10.1109/CCA.2016.7587875}
}

@article{Pajic2017,
    title = {{Design and Implementation of Attack-Resilient Cyber-Physical Systems}},
    year = {2017},
    journal = {IEEE Control Systems},
    author = {Pajic, Miroslav and Weimer, James and Bezzo, Nicola and Sokolsky, Oleg and Pappas, George J and Lee, Insup and Pajic, P O C M},
    number = {2},
    pages = {66--81},
    doi = {10.1109/MCS.2016.2643239},
    issn = {1066-033X}
}

@article{Guez,
    title = {{Efficient Bayes-Adaptive Reinforcement Learning using Sample-Based Search}},
    author = {Guez, Arthur and Silver, David and Dayan, Peter},
    pages = {1--9}
}

@article{Zhang2003,
    title = {{Energy-aware adaptive checkpointing in embedded real-time systems}},
    year = {2003},
    journal = {Proceedings -Design, Automation and Test in Europe, DATE},
    author = {Zhang, Ying and Chakrabarty, Krishnendu},
    pages = {918--923},
    isbn = {0-7695-1870-2},
    doi = {10.1109/DATE.2003.1253723},
    issn = {15301591}
}

@article{Processors2017,
    title = {{Fine-Grained Checkpoint Recovery for}},
    year = {2017},
    author = {Processors, Application-specific Instruction-set and Li, Tuo and Shafique, Muhammad and Member, Senior and Ambrose, Jude Angelo},
    number = {4},
    pages = {647--660},
    volume = {66}
}

@article{Psiaki2016,
    title = {{GPS Lies}},
    year = {2016},
    journal = {IEEE Spectrum},
    author = {Psiaki, Mark L and Humphreys, Todd E},
    number = {8},
    pages = {26--53},
    volume = {53},
    url = {http://spectrum.ieee.org/telecom/wireless/what-5g-engineers-can-learn-from-radio-interferences-troubled-past%5Cnhttp://ieeexplore.ieee.org/document/7524168/}
}

@article{Finn2016,
    title = {{Guided Cost Learning: Deep Inverse Optimal Control via Policy Optimization}},
    year = {2016},
    author = {Finn, Chelsea and Levine, Sergey and Abbeel, Pieter},
    volume = {48},
    url = {http://arxiv.org/abs/1603.00448},
    isbn = {9781510829008},
    arxivId = {1603.00448}
}

@article{Michini2012,
    title = {{Improving the efficiency of Bayesian inverse reinforcement learning}},
    year = {2012},
    journal = {IEEE International Conference on Robotics and Automation},
    author = {Michini, Bernard and How, Jonathan P.},
    pages = {3651--3656},
    url = {http://ieeexplore.ieee.org/lpdocs/epic03/wrapper.htm?arnumber=6225241},
    isbn = {978-1-4673-1405-3},
    doi = {10.1109/ICRA.2012.6225241},
    issn = {10504729}
}

@article{Yokoyama2017,
    title = {{Inference of Aircraft Intent via Inverse Optimal Control Including Second-Order Optimality Condition}},
    year = {2017},
    journal = {AIAA Guidance, Navigation, and Control Conference},
    author = {Yokoyama, Nobuhiro},
    number = {January},
    pages = {1--16},
    url = {http://arc.aiaa.org/doi/10.2514/6.2017-1254},
    isbn = {978-1-62410-450-3},
    doi = {10.2514/6.2017-1254}
}

@article{Qifeng2011,
    title = {{Inverse reinforcement learning with Gaussian process}},
    year = {2011},
    journal = {2011 American Control Conference (ACC 2011)},
    author = {Qifeng, Qiao and Beling, P A},
    pages = {113--118},
    url = {http://ieeexplore.ieee.org/ielx5/5975310/5989965/05990948.pdf?tp=&arnumber=5990948&isnumber=5989965},
    isbn = {0743-1619},
    doi = {10.1109/ACC.2011.5990948},
    issn = {07431619},
    arxivId = {1208.2112},
    keywords = {Accuracy, Approximation methods, Bayesian inference framework, Bayesian methods, Gaussian process model, Gaussian processes, IRL, Machine learning, Markov processes, Trajectory, apprenticeship learning, belief networks, convex optimization settings, convex programming, inference mechanisms, inverse reinforcement learning, learning (artificial intelligence), maximum a posteriori estimation, maximum likelihood estimation, quadratic programming, small-scale numerical problems}
}

@article{Manzoor2016,
    title = {{Learn pedestrian navigation from expert}},
    year = {2016},
    journal = {2016 2nd International Conference on Robotics and Artificial Intelligence, ICRAI 2016},
    author = {Manzoor, Mohsin and Kunwar, F.},
    pages = {147--151},
    isbn = {9781509040599},
    doi = {10.1109/ICRAI.2016.7791244},
    keywords = {Apprenticeship, IRL, SFM}
}

@article{Levine2014,
    title = {{Learning Dynamic Manipulation Skills under Unknown Dynamics with Guided Policy Search}},
    year = {2014},
    journal = {Advances in Neural Information Processing Systems 27},
    author = {Levine, Sergey and Abbeel, Pieter},
    pages = {1--3},
    url = {http://papers.nips.cc/paper/5444-learning-neural-network-policies-with-guided-policy-search-under-unknown-dynamics.pdf},
    isbn = {9781479969227},
    doi = {10.1109/ICRA.2015.7138994},
    arxivId = {arXiv:1501.05611v1}
}

@article{Prakash1996,
    title = {{Low-Cost Checkpointingl and Failure Recovery in Mobile Computing Systems}},
    year = {1996},
    author = {Prakash, Ravi and Member, Student and Society, Ieee Computer},
    number = {October},
    pages = {1035--1048},
    volume = {7}
}

@article{Michini2012a,
    title = {{Machine Learning and Knowledge Discovery in Databases}},
    year = {2012},
    journal = {Ecmlpkdd},
    author = {Michini, Bernard and {Jonathan P. How}},
    pages = {148--163},
    volume = {7524},
    url = {http://www.springerlink.com/index/10.1007/978-3-642-33486-3%5Cnhttp://link.springer.com/10.1007/978-3-642-33486-3},
    isbn = {978-3-642-33485-6},
    doi = {10.1007/978-3-642-33486-3},
    issn = {03029743}
}

@article{Xia2016,
    title = {{Neural inverse reinforcement learning in autonomous navigation}},
    year = {2016},
    journal = {Robotics and Autonomous Systems},
    author = {Xia, Chen and El Kamel, Abdelkader},
    pages = {1--14},
    volume = {84},
    publisher = {Elsevier B.V.},
    url = {http://dx.doi.org/10.1016/j.robot.2016.06.003},
    doi = {10.1016/j.robot.2016.06.003},
    issn = {09218890},
    keywords = {Autonomous navigation, Dynamic environments, Inverse reinforcement learning, Learning from demonstration, Markov decision processes, Neural network}
}

@article{Ziebart2009,
    title = {{Planning-based prediction for pedestrians}},
    year = {2009},
    journal = {2009 IEEE/RSJ International Conference on Intelligent Robots and Systems, IROS 2009},
    author = {Ziebart, Brian D. and Ratliff, Nathan and Gallagher, Garratt and Mertz, Christoph and Peterson, Kevin and Bagnell, J. Andrew and Hebert, Martial and Dey, Anind K. and Srinivasa, Siddhartha},
    pages = {3931--3936},
    isbn = {9781424438044},
    doi = {10.1109/IROS.2009.5354147},
    issn = {1424438039}
}

@article{Lewis2012,
    title = {{Reinforcement Learning and Feedback Control: Using Natural Decision Methods to Design Optimal Adaptive Controllers}},
    year = {2012},
    journal = {IEEE Control Systems},
    author = {Lewis, Frank and Vrabie, Draguna and Vamvoudakis, Kyriakos},
    number = {6},
    pages = {76--105},
    volume = {32},
    url = {http://ieeexplore.ieee.org/xpl/articleDetails.jsp?arnumber=6315769},
    doi = {10.1109/MCS.2012.2214134},
    issn = {1066-033X}
}

@article{Pajic2014,
    title = {{Robustness of Attack-Resilient State Estimators Recommended Citation Robustness of Attack-Resilient State Estimators Robustness of Attack-resilient State Estimators *}},
    year = {2014},
    author = {Pajic, Miroslav and Weimer, James and Bezzo, Nicola and Tabuada, Paulo and Sokolsky, Oleg and Lee, Insup and Pappas, George and Weimer Nicola Bezzo, James and Sokolsky Insup Lee, Oleg and Pappas, George J},
    number = {April},
    pages = {163--174},
    url = {http://repository.upenn.edu/cis_papers%0Ahttp://repository.upenn.edu/cis_papers/771%0Ahttp://dx.doi.org/10.1109/ICCPS.2014.6843720},
    isbn = {9781479949304},
    doi = {10.1109/ICCPS.2014.6843720},
    keywords = {C3 [Special-purpose and Application-based Systems], Management of Computing and Information Systems, Process control systems, Security and Protection, Security and Protectionâ€”Unauthorized access, Special-purpose and Application-based Systems, Unauthorized access}
}

@article{Michini2013,
    title = {{Scalable reward learning from demonstration}},
    year = {2013},
    journal = {In Proceedings of the IEEE International Conference on Robotics and Automation},
    author = {Michini, Bernard and Cutler, Mark and How, Jonathan P.},
    pages = {303--308},
    isbn = {9781467356411},
    doi = {10.1109/ICRA.2013.6630592},
    issn = {10504729}
}

@article{Fawzi2014,
    title = {{Secure estimation and control for cyber-physical systems under adversarial attacks}},
    year = {2014},
    journal = {IEEE Transactions on Automatic Control},
    author = {Fawzi, Hamza and Tabuada, Paulo and Diggavi, Suhas},
    number = {6},
    pages = {1454--1467},
    volume = {59},
    isbn = {0018-9286},
    doi = {10.1109/TAC.2014.2303233},
    issn = {00189286},
    arxivId = {1205.5073},
    keywords = {Algorithm, feedback controller}
}

@article{Charniak1993ARecognition,
    title = {{A Bayesian model of plan recognition}},
    year = {1993},
    journal = {Artificial Intelligence},
    author = {Charniak, Eugene and Goldman, Robert P.},
    number = {1},
    pages = {53--79},
    volume = {64},
    isbn = {0004-3702},
    doi = {10.1016/0004-3702(93)90060-O},
    issn = {00043702}
}

@article{Goldman1999ARecognition,
    title = {{A New Model of Plan Recognition}},
    year = {1999},
    journal = {Artificial Intelligence},
    author = {Goldman, Robert P and Geib, Christopher W and Miller, Christopher a},
    number = {July},
    pages = {245--254},
    url = {http://citeseerx.ist.psu.edu/viewdoc/download?doi=10.1.1.87.1832&amp;rep=rep1&amp;type=pdf},
    isbn = {1-55860-614-9}
}

@article{Schreier2014BayesianSystems,
    title = {{Bayesian, maneuver-based, long-term trajectory prediction and criticality assessment for driver assistance systems}},
    year = {2014},
    journal = {Intelligent Transportation Systems (ITSC), 2014 IEEE 17th International Conference on},
    author = {Schreier, Matthias and Willert, Volker and Adamy, Jurgen},
    number = {October},
    pages = {334--341},
    isbn = {978-1-4799-6078-1},
    doi = {10.1109/ITSC.2014.6957713},
    pmid = {1565092},
    keywords = {Acceleration;Adaptation models;Bayes methods;Predi}
}

@article{Bruce2010BetterPeople-tracking,
    title = {{Better motion prediction for people-tracking}},
    year = {2010},
    journal = {2004IEEE International Conference on Robotics and Automation},
    author = {Bruce, Allison and Gordon, Geoffrey},
    pages = {464--469},
    isbn = {978-1-4244-5038-1}
}

@article{Kim2015BRVO:Reasoning,
    title = {{BRVO: Predicting pedestrian trajectories using velocity-space reasoning}},
    year = {2015},
    journal = {The International Journal of Robotics Research},
    author = {Kim, Sujeong and Guy, Stephen J. and Liu, Wenxi and Wilkie, David and Lau, Rynson W.H. and Lin, Ming C. and Manocha, Dinesh},
    number = {2},
    pages = {201--217},
    volume = {34},
    url = {http://journals.sagepub.com/doi/10.1177/0278364914555543},
    doi = {10.1177/0278364914555543},
    issn = {0278-3649}
}

@article{Metropolis1953EquationMachines,
    title = {{Equation of State Calculations by Fast Computing Machines}},
    year = {1953},
    author = {Metropolis, Nicholas and Rosenbluth, Arianna W and Rosenbluth, Marshall N and Teller, Augusta H and Teller, Edward},
    volume = {1087},
    doi = {10.1063/1.1699114}
}

@article{Baker2007GoalPlanning,
    title = {{Goal inference as inverse planning}},
    year = {2007},
    journal = {Proceedings of the 29th Annual Meeting of the Cognitive Science Society},
    author = {Baker, Chris L and Tenenbaum, Joshua B and Saxe, Rebecca R},
    pages = {779--784},
    url = {http://scholar.google.com/scholar?hl=en&btnG=Search&q=intitle:Goal+Inference+as+Inverse+Planning#0},
    pmid = {3457250364175176135},
    keywords = {action understanding, bayesian, inference, markov decision processes, theory mind}
}

@article{Bandyopadhyay2013Intention-awarePlanning,
    title = {{Intention-aware motion planning}},
    year = {2013},
    journal = {{\ldots}  Foundations of Robotics {\ldots}},
    author = {Bandyopadhyay, T and Won, KS and Frazzoli, E},
    url = {http://link.springer.com/chapter/10.1007/978-3-642-36279-8_29},
    isbn = {9783642362781},
    doi = {10.1007/978-3-642-36279-8{\_}29},
    issn = {1610742X},
    pmid = {2559114},
    arxivId = {arXiv:cs/0212022v1},
    archivePrefix = {arXiv},
    eprint = {0212022v1},
    primaryClass = {cs}
}

@article{Hiintemann2013PastModel,
    title = {{Past Driving Information With a Personalized User Model}},
    year = {2013},
    author = {Hiintemann, Alexander and Demeester, Eric and Poorten, Emmanuel Vander and Brussel, Hendrik Van},
    pages = {4376--4383},
    isbn = {9781467356435}
}

@article{Best2017PathMonitoring,
    title = {{Path Planning With Spatiotemporal Optimal Stopping for Stochastic Mission Monitoring}},
    year = {2017},
    journal = {IEEE Transactions on Robotics},
    author = {Best, Graeme and Martens, Wolfram and Fitch, Robert},
    number = {3},
    pages = {629--646},
    volume = {33},
    doi = {10.1109/TRO.2017.2653196},
    issn = {15523098}
}

@article{Wang2013ProbabilisticInteraction,
    title = {{Probabilistic movement modeling for intention inference in human-robot interaction}},
    year = {2013},
    journal = {The International Journal of Robotics Research},
    author = {Wang, Z. and Mulling, K. and Deisenroth, M. P. and Ben Amor, H. and Vogt, D. and Scholkopf, B. and Peters, J.},
    number = {7},
    pages = {841--858},
    volume = {32},
    url = {http://ijr.sagepub.com/cgi/doi/10.1177/0278364913478447},
    isbn = {978-0-262-19475-4},
    doi = {10.1177/0278364913478447},
    issn = {0278-3649}
}

@article{Aoude2006ProbabilisticallyPatterns,
    title = {{Probabilistically Safe Motion Planning to Avoid Dynamic Obstacles with Uncertain Motion Patterns}},
    year = {2006},
    author = {Aoude, Georges S and Luders, Brandon D and Joseph, Joshua M and Roy, Nicholas and How, Jonathan P},
    url = {http://acl.mit.edu/papers/Aoude13_AURO.pdf},
    keywords = {Gaussian processes, Planning under uncertainty {\textperiodcentered}, Trajectory prediction {\textperiodcentered}}
}